@online{KongsbergGruppen,
    author = "KongsbergGruppen",
    title = "Om Kongsberg Gruppen",
    url  = "https://www.annual-report.kongsberg.com/no/om-kongsberg-gruppen/dette-er-kongsberg-gruppen/",
    addendum = "(accessed: 05.02.23)",
}

@article{hermeneutics,
author = {Bologna, Rosa and Trede, Franziska and Patton, Narelle},
year = {2020},
month = {10},
pages = {3519},
title = {Bourdieu and Jung: A Thought Partnership to Explore Personal, Social, and Collective Unconscious Influences on Professional Practices},
volume = {25},
journal = {Qualitative Report},
doi = {10.46743/2160-3715/2020.4184}
}

@online{Dialektikk,
    author = "Store Norske Leksikon",
    title = "Dialektikk",
    url  = "https://snl.no/dialektikk",
    addendum = "(accessed: 08.02.23)",
}


@online{YOLO,
    author = "Joseph Redmon and Santosh Divvala and Ross Girshick and Ali Farhadi",
    title = "You Only Look Once: Unified, Real-Time Object Detection",
    url  = "https://arxiv.org/abs/1506.02640",
    addendum = "(accessed: 16.03.23)",
}

@online{Jetson_inference,
    author = "Dustin Franklin",
    title = "Jetson inference",
    url  = "https://github.com/dusty-nv/jetson-inference",
    addendum = "(accessed: 20.05.23)",
}


@online{YOLOv8,
    author = "Ultralytics",
    title = "Ultralytics YOLOv8",
    url  = "https://docs.ultralytics.com/#ultralytics-yolov8",
    addendum = "(accessed: 16.03.23)",
}

@online{Jetson,
    author = "Nvidia",
    title = "Jetson Nano Developer Kit",
    url  = "https://developer.nvidia.com/embedded/jetson-nano-developer-kit",
    addendum = "(accessed: 18.03.23)",
}

@online{Jetpack_461,
    author = "Nvidia",
    title = "JetPack SDK 4.6.1",
    url  = "https://developer.nvidia.com/embedded/jetpack-sdk-461",
    addendum = "(accessed: 18.03.23)",
}


@online{TensorRT,
    author = "Nvidia",
    title = "NVIDIA TensorRT",
    url  = "https://developer.nvidia.com/tensorrt",
    addendum = "(accessed: 16.03.23)",
}

%Ultralytics YOLOv8

@online{Qualisys,
    author = "Qualisys",
    title = "Qualisys Tracking",
    url  = "https://www.qualisys.com/engineering/robotics-and-uav/",
    addendum = "(accessed: 16.03.23)",
}

%@online{Ros2About,
%    author = "Ros.org",
%    title = "Ros2 About",
%    url  = "https://wiki.ros.org/ROS/Introduction",
%    addendum = "(accessed: 16.03.23)",
%}

@online{CoralTPU_bilde,
    author = "Coral.ai",
    title = "USB Accelerator",
    url  = "https://coral.ai/products/accelerator",
    addendum = "(accessed: 18.03.23)",
}

@online{CoralTPU,
    author = "Coral.ai",
    title = "Coral About",
    url  = "https://coral.ai/docs/accelerator/datasheet/",
    addendum = "(accessed: 16.03.23)",
}

@online{power-consumption-RPi4,
    author = "PiDramble.com",
    title = "Power Consumption Benchmarks",
    url  = "https://www.pidramble.com/wiki/benchmarks/power-consumption",
    addendum = "(accessed: 22.05.23)",
}

@online{power-consumption-RPiZero2,
    author = "CNX Software",
    title = "A deep dive into Raspberry Pi Zero 2 W’s power consumption",
    url  = "https://www.cnx-software.com/2021/12/09/raspberry-pi-zero-2-w-power-consumption/",
    addendum = "(accessed: 22.05.23)",
}

@online{Elefun-H743,
    author = "Elefun.no",
    title = "Mateksys H743-SLIM V3 Flight Controller",
    url  = "https://www.elefun.no/p/prod.aspx?v=56509",
    addendum = "(accessed: 22.05.23)",
}


@online{TensorflowLite,
    author = "tensorflow.org",
    title = "TFL About",
    url  = "https://www.tensorflow.org/lite/guide",
    addendum = "(accessed: 16.03.23)",
}

@online{SBC,
    author = "wikipedia.org",
    title = "Single-board computer",
    url  = "https://en.wikipedia.org/wiki/Single-board_computer",
    addendum = "(accessed: 16.03.23)",
}

@online{OpenCVDoc,
    author = "OpenCV",
    title = "OpenCV Documentation",
    url  = "https://docs.opencv.org/4.x/",
    addendum = "(accessed: 16.03.23)",
}

@online{CVzoneDoc,
    author = "CVzone",
    title = "CVzone Documentation",
    url  = "https://github.com/cvzone/cvzone",
    addendum = "(accessed: 16.03.23)",
}

@online{OpenCVHoughCircle,
    author = "OpenCV",
    title = "OpenCV Hough Circle",
    url  = "https://docs.opencv.org/4.x/d4/d70/tutorial_hough_circle.html",
    addendum = "(accessed: 16.03.23)",
}

@online{OpenCVDisplay,
    author = "OpenCV",
    title = "OpenCV Display",
    url  = "https://docs.opencv.org/4.x/dc/da5/tutorial_py_drawing_functions.html",
    addendum = "(accessed: 16.03.23)",
}

@online{OpenCVIterate,
    author = "Python Principles",
    title = "OpenCV Enumerate",
    url  = "https://docs.opencv.org/4.x/dc/da5/tutorial_py_drawing_functions.html",
    addendum = "(accessed: 16.03.23)",
}

@online{CircleDetection,
    author = "jeremiedecock",
    title = "Circle Documentation",
    url  = "https://github.com/jeremiedecock/vor12/blob/master/vor12/computer_vision/circle_detection.py",
    addendum = "(accessed: 16.03.23)",
}

@online{CircleParameters,
    author = "kvaale",
    title = "Circle Parameters",
    url  = "https://github.com/Aerial-Edge/Containers/blob/main/cv-distance/app/main.py#L8",
    addendum = "(accessed: 16.03.23)",
}

@online{contourShapeColor,
    author = "Raghav Puri PhD",
    title = "Contour, Shape and Color Detection using OpenCV-Python",
    url  = "https://www.researchgate.net/publication/325195384_Contour_Shape_Color_Detection_using_OpenCV-Python",
    addendum = "(accessed: 16.03.23)",
}

@online{ColoredObject,
    author = "TechVidvan",
    title = "Contour, Shape and Color Detection using OpenCV-Python",
    url  = "https://techvidvan.com/tutorials/detect-objects-of-similar-color-using-opencv-in-python/",
    addendum = "(accessed: 16.03.23)",
}

% Her må vi finne en bedre kilde
@online{colorDetectionGeeks,
    author = "goodday451999 and modalaashwin41",
    title = "Multiple Color Detection in Real-Time using Python-OpenCV",
    url  = "https://www.geeksforgeeks.org/multiple-color-detection-in-real-time-using-python-opencv/",
    addendum = "(accessed: 16.03.23)",
}

%@online{ros2DDS,
%    author = "Ros.org",
%    title = "ROS2 DDS Implementation",
%    url  = "https://docs.ros.org/en/humble/Installation/DDS-Implementations.html",
%    addendum = "(accessed: 16.03.23)",
%}

%@online{kgIntercom,
%    author = "Kongsberg Gruppen",
%    title = "Intercom DDS datasheet",
%    url  = "https://www.kongsberg.com/globalassets/kongsberg-defence--aerospace/2.1.-%products/defence-and-security/c4isr/intercom-dds/intercom-dds_datasheet.pdf",
%    addendum = "(accessed: 16.03.23)",
%}

%@online{fastDDS,
%    author = "eProsima",
%    title = "eProsima Fast DDS Documentation",
%    url  = "https://fast-dds.docs.eprosima.com/en/latest/",
%    addendum = "(accessed: 16.03.23)",
%}

%@online{devOverRos2,
%    author = "ros.org",
%    title = "Developer Overview",
%    url  = "https://docs.ros2.org/beta2/developer_overview.html",
%    addendum = "(accessed: 16.03.23)",
%}

@online{datasheet-RPiZero2,
    title = "Datasheet for Raspberry Pi Zero 2",
    author = "raspberrypi.com",
    url = "https://datasheets.raspberrypi.com/rpizero2/raspberry-pi-zero-2-w-product-brief.pdf",
    addendum = "(accessed: 20.03.23)",
}

@online{datasheet-RPi4B,
    title = "Datasheet for Raspberry Pi 4B",
    author = "raspberrypi.com",
    url = "https://datasheets.raspberrypi.com/rpi4/raspberry-pi-4-datasheet.pdf",
    addendum = "(accessed: 20.03.23)",
}

@online{datasheet-JetsonNano,
    title = "Datasheet for nVidia Jetson Nano",
    author = "nvidia.com",
    url = "https://developer.nvidia.com/embedded/dlc/jetson-nano-system-module-datasheet",
    addendum = "(accessed: 20.03.23)",
}

@online{comparison-FC,
    title = "F1, F3, F4, G4, F7 and H7 Flight Controller Processors Explained",
    author = "OscarLiang.com",
    url = "https://oscarliang.com/f1-f3-f4-flight-controller/",
    addendum = "(accessed: 20.03.23)",

}

@online{MateksysH743-SLIM,
    title = "Flight Controller H743-SLIM V3",
    author = "mateksys.com",
    url = "http://www.mateksys.com/?portfolio=h743-slim",
    addendum = "(accessed: 20.03.23)",

}

@online{firmware-FC,
    title = "Firmware for FPV Drone Flight Controller Overview",
    author = "OscarLiang.com",
    url = "https://oscarliang.com/fc-firmware/",
    addendum = "(accessed: 20.03.23)",
}

@online{documentation-ArduPilot,
    title = "ArduPilot documentation",
    author = "ArduPilot.org",
    url = "https://ardupilot.org/ardupilot/",
    addendum = "(accessed: 20.03.23)",
}

@online{github-wiki-INAV,
    title = "ArduPilot documentation",
    author = "iNavFlight",
    url = "https://github.com/iNavFlight/inav/wiki",
    addendum = "(accessed: 20.03.23)",
}

@online{documentation-MAVLink,
    title = "MAVLink Developer Guide",
    author = "MAVLink.io",
    url = "https://mavlink.io/en/",
    addendum = "(accessed: 20.03.23)",
}

@online{github-Pymavlink,
    title = "python MAVLink interface and utilities",
    author = "ArduPilot",
    url = "https://github.com/ArduPilot/pymavlink",
    addendum = "(accessed: 21.05.23)",
}

@online{wiki-MAVROS,
    title = "mavros",
    author = "ros.org",
    url = "http://wiki.ros.org/mavros",
    addendum = "(accessed: 20.03.23)",
}

@online{github-MAVROS,
    title = "MAVLink to ROS gateway with proxy for Ground Control Station",
    author = "mavlink",
    url = "https://github.com/mavlink/mavros",
    addendum = "(accessed: 21.05.23)",
}

@online{wiki-PID-controller,
    title = "PID controller",
    author = "wikipedia.org",
    url = "https://en.wikipedia.org/wiki/PID_controller",
    addendum = "(accessed: 20.03.23)",
}

@online{specifications-cameras,
    title = "Camera Hardware Specification",
    author = "raspberrypi.com",
    url = "https://www.raspberrypi.com/documentation/accessories/camera.html#hardware-specification",
    addendum = "(accessed: 20.03.23)",
}

@online{wikipedia-rolling-shutter,
    title = "Rolling shutter",
    author = "wikipedia.org",
    url = "https://en.wikipedia.org/wiki/Rolling_shutter",
    addendum = "(accessed: 22.05.23)",
}

@online{documentation-RPi_cameras,
    title = "About the Camera Modules",
    author = "Raspberry Pi",
    url = "https://www.raspberrypi.com/documentation/accessories/camera.html",
    addendum = "(accessed: 22.05.23)",
}

@online{docs-libcamera,
    title = "Documentation - libcamera",
    author = "libcamera.org",
    url = "https://libcamera.org/docs.html",
    addendum = "(accessed: 20.03.23)",
}

@online{github-raspicam,
    title = "GitHub - RaspiCam",
    author = "raspberrypi",
    url = "https://github.com/raspberrypi/userland/tree/master/host_applications/linux/apps/raspicam",
    addendum = "(accessed: 20.03.23)",
}

@article{docker,
    title = "An Introduction to Docker and Analysis of its Performance",
    author = "Babak Bashari Rad and Harrison John Bhatti and Mohammad Ahmadi",
    journal = "IJCSNS International Journal of Computer Science and Network Security",
    volume = {17},
    number = {3},
    pages = {228-235},
    year = {2017},
    publisher = "NISCAIR India",
    url = "http://paper.ijcsns.org/07_book/201703/20170327.pdf",
    addendum = "(accessed 20.03.23)",
    
}



@online{32-bit_vs_64-bit,
    title = "Raspberry Pi OS 32-bit vs. 64-bit Performance",
    author = "Phoronix",
    url = "https://www.phoronix.com/review/raspberrypi-32bit-64bit",
    addendum = "(accessed: 22.05.23)",
}

@online{Gazebo,
    title = "Gazebo",
    author = "Gazebo.org",
    url = "https://gazebosim.org/home",
    addendum = "(accessed: 22.05.23)",
}

@online{Computer-vision,
    author = "IBM",
    url = "https://www.ibm.com/topics/computer-vision",
    addendum = "(accessed: 20.03.23)",
}

% Her må vi finne en bedre kilde

@online{OpenCV-1,
    title = "OpenCV Overview",
    author = "Ramswarup Kulhary",
    url = "https://www.geeksforgeeks.org/opencv-overview/",
    addendum = "(accessed: 20.03.23)",
}

% Kan vi finne en bedre kilde her?

@online{OpenCVProsandCons,
    title = "Hire OpenCV Developers",
    author = "Anastasia Stefanuk",
    url = "https://mobilunity.com/blog/hire-opencv-developers/",
    addendum = "(accessed: 20.03.23)",
}

@online{OpenCVBlob,
    title = "Blob Detection Using OpenCV ( Python, C++ )",
    url = "https://learnopencv.com/blob-detection-using-opencv-python-c/",
    addendum = "(accessed: 20.03.23)",
}

@online{Blob_detect,
    title = "blob detection",
    author = "wikipedia",
    url = "https://en.wikipedia.org/wiki/Blob_detection",
    addendum = "(accessed: 20.03.23)",
}

@online{OpenCVContours,
    title = "Contour Detection using OpenCV (Python/C++)",
    url = "https://learnopencv.com/contour-detection-using-opencv-python-c/",
    addendum = "(accessed: 20.03.23)",
}

@online{Risk1,
    title = "What is risk analysis?",
    author = "Linda Rosencrance",
    url = "https://www.techtarget.com/searchsecurity/definition/risk-analysis",
    addendum = "(accessed: 20.03.23)",
}

@online{Risk2,
    title = "Risk Matrix Calculations – Severity, Probability, and Risk Assessment",
    author = "Vector Solutions",
    url = "https://www.vectorsolutions.com/resources/blogs/risk-matrix-calculations-severity-probability-risk-assessment/",
    addendum = "(accessed: 20.03.23)",
}

@online{RiskInternalExternal,
    title = "Outline Risk Identifying risks to your project Change Managing change for your project.",
    author = "Heather Underwood",
    url = "https://slideplayer.com/slide/11367849/",
    addendum = "(accessed: 20.03.23)",
}

@online{RiskMatrix,
    title = "A Guide to Understanding 5x5 Risk Matrix",
    author = "Patricia Guevara",
    url = "https://safetyculture.com/topics/risk-assessment/5x5-risk-matrix/",
    addendum = "(accessed: 20.03.23)",
}

@online{rpicam3specs,
    title = "Raspberry Pi Camera Module 3",
    author = "Raspberry Pi Ltd",
    url = "https://datasheets.raspberrypi.com/camera/camera-module-3-product-brief.pdf",
    addendum = "(accessed: 20.03.23)",
}

@online{rpicam2specs,
    title = "CAMERA MODULE V2",
    author = "LCSC",
    url = "https://datasheet.lcsc.com/lcsc/1810010717_Raspberry-Pi-RPICAMERABOARD_C110649.pdf",
    addendum = "(accessed: 20.03.23)",
}

@online{rpicamspecs,
    title = "About the Camera Modules",
    author = "Raspberry Pi Ltd",
    url = "https://www.raspberrypi.com/documentation/accessories/camera.html",
    addendum = "(accessed: 20.03.23)",
}


@online{Object_detection,
    title = "What Is Object Detection",
    author = "MathWorks",
    url = "https://www.mathworks.com/discovery/object-detection.html",
    addendum = "(accessed: 20.03.23)",
}

@online{Jetson_sdk_manager,
    title = "nvidia sdk manager",
    author = "Nvidia",
    url = "https://developer.nvidia.com/sdk-manager",
    addendum = "(accessed: 12.05.23)",
}

%@online{Jetpack_461,
%    title = "Jetpack_461",
%    author = "Nvidia",
%    url = "https://developer.nvidia.com/embedded/jetpack-sdk-461",
%    addendum = "(accessed: 12.05.23)",
%}

@online{Jetpack_461_write_to_sd,
    title = "Write Image to the microSD Card",
    author = "Nvidia",
    url = "https://developer.nvidia.com/embedded/learn/get-started-jetson-nano-devkit#write",
    addendum = "(accessed: 12.05.23)",
}

@online{YOLOv5,
    title = "Nvidia jetson nano deployment",
    author = "Glenn Jocher",
    url = "https://docs.ultralytics.com/yolov5/",
    addendum = "(accessed: 12.05.23)",
}

@online{yolo_on_jetson,
    title = "Nvidia jetson nano deployment",
    author = "Glenn Jocher",
    url = "https://docs.ultralytics.com/yolov5/tutorials/running_on_jetson_nano/",
    addendum = "(accessed: 12.05.23)",
}

@online{ros2perform,
    title = "Exploring the performance of ROS2",
    author = "Yuya Maruyama, Shinpei Kato, Takuya Azumi",
    url = "https://ieeexplore.ieee.org/stampPDF/getPDF.jsp?tp=&arnumber=7743223&tag=1",
    addendum = "(accessed: 15.05.23)",
}

@online{ros2real,
    title = "Performance Evaluation of Real-Time ROS2 Robotic Control in a Time-Synchronized Distributed Network",
    author = "L. Puck et al., ...",
    url = "https://ieeexplore.ieee.org/document/9551447/",
    addendum = "(accessed: 15.05.23)",
}

@online{ros2standard,
    title = "CompROS: A composable ROS2 based architecture for real-time embedded robotic development",
    author = "Saeid Dehnavi, Martijn Koedam",
    url = "https://www.researchgate.net/publication/354956131_CompROS_A_composable_ROS2_based_architecture_for_real-time_embedded_robotic_development",
    addendum = "(accessed: 15.05.23)",
}

@online{sprintimage,
    title = "Iteration vs Sprint vs cadence in Agile",
    author = "Agnieszka Sienkiewicz",
    url = "https://bigpicture.one/sprint-cadence-iteration/",
    addendum = "(accessed: 18.05.23)",
}

@online{linuxcounter,
    title = "Linux Statistics – 2023",
    author = "Branka",
    url = "https://truelist.co/blog/linux-statistics/",
    addendum = "(accessed: 18.05.23)",
}

@online{distanceobject,
    title = "Find distance from camera to object",
    author = "Adrian Rosebrock",
    url = "https://pyimagesearch.com/2015/01/19/find-distance-camera-objectmarker-using-python-opencv/",
    addendum = "(accessed: 19.05.23)",
}

@book{loopRTS,
  title={Python in a Nutshell, 3rd Edition},
  author={Alex Martelli, Anna Ravenscroft, Steve Holden},
  year={2017},
  publisher={O'Reilly Media, Inc.}
}

@online{efficientDetLite0,
    title = "EfficientDet-Lite0 Tensorflow Hub page",
    author = "Google/Tensorflow",
    url = "https://tfhub.dev/tensorflow/lite-model/efficientdet/lite0/detection/default/1",
    addendum = "(accessed: 19.05.23)",
}

@online{efficientDetLite1,
    title = "EfficientDet-Lite1 Tensorflow Hub page",
    author = "Google/Tensorflow",
    url = "https://tfhub.dev/tensorflow/lite-model/efficientdet/lite1/detection/default/1",
    addendum = "(accessed: 19.05.23)",
}

@online{edgetpuCompiler,
    title = "Edge TPU Compiler",
    author = "Google/Coral",
    url = "https://coral.ai/docs/edgetpu/compiler/",
    addendum = "(accessed: 19.05.23)",
}

@online{edgetpuModels,
    title = "TensorFlow models on the Edge TPU",
    author = "Google/Coral",
    url = "https://coral.ai/docs/edgetpu/models-intro/",
    addendum = "(accessed: 19.05.23)",
}

@online{picameraFOV,
    title = "Picamera documentation: Sensor modes",
    author = "Picamera contributors",
    url = "https://picamera.readthedocs.io/en/release-1.13/fov.html#sensor-modes",
    addendum = "(accessed: 20.05.23)",
}

@article{gpudeeplearningperf,
author = {Kayid, Amr and Khaled, Yasmeen and Elmahdy, Mohamed},
year = {2018},
month = {05},
pages = {},
title = {Performance of CPUs/GPUs for Deep Learning workloads},
doi = {10.13140/RG.2.2.22603.54563}
}

@online{IoUdoc,
    title = "Intersection over Union (IoU) for object detection",
    author = "Adrian Rosebrock",
    url = "https://pyimagesearch.com/2016/11/07/intersection-over-union-iou-for-object-detection/",
    addendum = "(accessed: 20.05.23)",
}

@online{github-Aerial-Edge_Drone,
    title = "Composition of ROS2 packages for the drone stack \& benchmark script running in Docker",
    author = "Aerial-Edge",
    url = "https://github.com/Aerial-Edge/Drone",
    addendum = "(accessed: 21.05.23)",
}

@online{SpiderDiagram,
    title = "Chachart spiderdiagram",
    author = "Chachart",
    url = "https://chachart.net/radar?lang=en&fbclid=IwAR30SnjlOijhznssThCggGnYFXUVBdKXyB_8i2O1KUosQIFeuUtpHLirCrY",
    addendum = "(accessed: 21.05.23)",
}


% DENNE ER BARE SINDRE SIN, INGEN ANDRE KAN BRUKE DEN SOM REFER-ANSE
@book{preandrec,
  title={An introduction to Information Retrieval},
  author={Christopher D. Manning, Prabhakar Raghavan, Hinrich Schütze},
  year={2009},
  publisher={Cambridge University Press}
}

@online{HSV,
    title = "Object Detection using color",
    author = "Packt",
    url = "https://subscription.packtpub.com/book/data/9781789537147/1/ch01lvl1sec09/object-detection-using-color-in-hsv",
    addendum = "(accessed: 20.03.23)",
}

@online{Config4Dataset,
    title = "Dataset for Config4 Evaluation",
    author = "Aerial-Edge",
    url = "https://universe.roboflow.com/dataset-k3la3/ball-finder-a5yur/dataset/3",
    addendum = "(accessed: 20.03.23)",
}

